@book{strang88,
  title={Linear algebra and its applications},
  author={Strang, Gilbert},
  year={1988},
  edition={3rd},
  publisher={Saunders}
}

@book{golub13,
  title={Matrix computations},
  author={Golub, Gene H and Van Loan, Charles F},
  edition={4th},
  year={2012},
  publisher={Johns Hopkins University Press}
}

@article{colt,
  title={The Colt distribution: Open source libraries for high performance scientific and technical computing in JAVA},
  author={Hoschek, Wolfgang},
  note={\url{http://nicewww.cern.ch/hoschek/colt/index.htm}},
  year={2002}
}

@book{brouwer12,
  address = {New York, NY},
  author = {Brouwer, Andries E. and Haemers, Willem H.},
  biburl = {http://www.bibsonomy.org/bibtex/27535ef0387a36f72224bb938aee4ce5e/ytyoun},
  interhash = {861ca735ed5c4d66dca4c1683a966f99},
  intrahash = {7535ef0387a36f72224bb938aee4ce5e},
  keywords = {spectral_graph_theory textbook},
  timestamp = {2014-01-12T23:00:40.000+0100},
  title = {Spectra of Graphs},
  year = 2012
}

@misc{luxburg07,
  abstract = { In recent years, spectral clustering has become one of the most popular modern clustering algorithms. It is simple to implement, can be solved efficiently by standard linear algebra software, and very often outperforms traditional clustering algorithms such as the k-means algorithm. On the first glance spectral clustering appears slightly mysterious, and it is not obvious to see why it works at all and what it really does. The goal of this tutorial is to give some intuition on to those questions. We describe different graph Laplacians and their basic properties, present the most common spectral clustering algorithms, and derive those algorithms from scratch by several different approaches. Advantages and disadvantages of the different spectral clustering algorithms are discussed. },
  added-at = {2011-10-19T18:22:12.000+0200},
  author = {Luxburg, Ulrike Von},
  biburl = {http://www.bibsonomy.org/bibtex/2770205026899086f155ae74b1b7ffe5d/mhwombat},
  description = {A Tutorial on Spectral Clustering},
  interhash = {ea91cbed60cf8e3dd610a1829afff18f},
  intrahash = {770205026899086f155ae74b1b7ffe5d},
  keywords = {clustering spectral},
  timestamp = {2012-04-25T14:45:27.000+0200},
  title = {A Tutorial on Spectral Clustering},
  url = {http://citeseerx.ist.psu.edu/viewdoc/summary?doi=10.1.1.165.9323},
  year = 2007
}

@article{fiedler73,
  title={Algebraic connectivity of graphs},
  author={Fiedler, Miroslav},
  journal={Czechoslovak mathematical journal},
  volume={23},
  number={2},
  pages={298--305},
  year={1973},
  publisher={Institute of Mathematics, Academy of Sciences of the Czech Republic}
}

@webpage{lapack,
  added-at = {2010-06-28T20:24:33.000+0200},
  author = {Foundation, National Science and of Energy, Department},
  biburl = {http://www.bibsonomy.org/bibtex/25cf2b7e0061cfc5eeef3ed92cd688f98/mhwombat},
  groups = {public},
  note={\url{http://www.netlib.org/lapack/}},  
  howpublished = {http://www.netlib.org/lapack/},
  interhash = {83b4d67c7dd1a85e503086c2298542d8},
  intrahash = {5cf2b7e0061cfc5eeef3ed92cd688f98},
  journal = {Netlib Repository at {UTK} and {ORNL}},
  keywords = {MSc _checked lapack mathematics},
  lastchecked = {2010-06-20 22:45:15},
  timestamp = {2011-10-14T16:31:37.000+0200},
  title = {{LAPACK} -- Linear Algebra {PACKage}},
  url = {http://www.netlib.org/lapack/},
  username = {mhwombat},
  year = 2010
}

@article{blas,
  title={Basic linear algebra subprograms for Fortran usage},
  author={Lawson, Chuck L and Hanson, Richard J. and Kincaid, David R and Krogh, Fred T.},
  journal={ACM Transactions on Mathematical Software (TOMS)},
  volume={5},
  number={3},
  pages={308--323},
  year={1979},
  publisher={ACM}
}

@manual{arpack,
  added-at = {2010-02-21T22:43:51.000+0100},
  address = {Available from netlib@ornl.gov},
  author = {Lehoucq, R. B. and Sorensen, D. C. and Yang, C.},
  biburl = {http://www.bibsonomy.org/bibtex/2142d38984bcef37215a9f2d1560524e6/sknecht},
  interhash = {8e70cf362a81a140306228c29e91fdbc},
  intrahash = {142d38984bcef37215a9f2d1560524e6},
  keywords = {imported},
  timestamp = {2010-02-21T22:43:55.000+0100},
  title = {ARPACK user's guide: Solution of Large Scale Eigenvalue Problems
                  by Implicitly Restarted Arnoldi Methods},
  year = 1997
}

@techreport{networkx,
  title={Networkx: Python software for the analysis of networks},
  author={Hagberg, A and Schult, D and Swart, P},
  year={2005},
  note={\url{http://networkx.lanl.gov}},
  institution={Technical report, Mathematical Modeling and Analysis, Los Alamos National Laboratory, 2005.}
}

@article{anasazi,
  title={Anasazi software for the numerical solution of large-scale eigenvalue problems},
  author={Baker, Christopher G and Hetmaniuk, Ulrich L and Lehoucq, Richard B and Thornquist, Heidi K},
  journal={ACM Transactions on Mathematical Software (TOMS)},
  volume={36},
  number={3},
  pages={13},
  year={2009},
  publisher={ACM}
}

@article{slepc,
  title={SLEPc: A scalable and flexible toolkit for the solution of eigenvalue problems},
  author={Hernandez, Vicente and Roman, Jose E and Vidal, Vicente},
  journal={ACM Transactions on Mathematical Software (TOMS)},
  volume={31},
  number={3},
  pages={351--362},
  year={2005},
  publisher={ACM}
}

@article{primme,
  title={PRIMME: preconditioned iterative multimethod eigensolverâ€”methods and software description},
  author={Stathopoulos, Andreas and McCombs, James R},
  journal={ACM Transactions on Mathematical Software (TOMS)},
  volume={37},
  number={2},
  pages={21},
  year={2010},
  publisher={ACM}
}

@article{scipy,
  title={$\{$SciPy$\}$: open source scientific tools for $\{$Python$\}$},
  author={Jones, Eric and Oliphant, Travis and Peterson, Pearu},
  year={2014}
}

@article{knyazev01,
  title={Toward the optimal preconditioned eigensolver: Locally optimal block preconditioned conjugate gradient method},
  author={Knyazev, Andrew V},
  journal={SIAM journal on scientific computing},
  volume={23},
  number={2},
  pages={517--541},
  year={2001},
  publisher={SIAM}
}

@book{lashuk07,
  title={On preconditioning for linear equations and eigenvalue problems},
  author={Lashuk, Ilya},
  year={2007},
  publisher={ProQuest}
}

@article{bindel09,
  title={Principles of Scientific Computing},
  author={Bindel, David and Goodman, Jonathan},
  journal={New York University, New York},
  year={2009}
}

@misc{gao13,
  Author = {Jing, Gao},
  Institution = {Department of Computer Science and Engineering, University at Buffalo},
  Howpublished = {University Lecture (CSE 601: Data Mining and Bioinformatics)},
  Year = {2013},
  Title = {Clustering (Lecture 6): Spectral Methods},
  note={\url{http://www.cse.buffalo.edu/~jing/cse601/fa13/materials/clustering_spectral.pdf}}
}

@article{martinez16,
  title={Tuned preconditioners for the eigensolution of large SPD matrices arising in engineering problems},
  author={Mart{\'\i}nez, {\'A}ngeles},
  journal={Numerical Linear Algebra with Applications},
  year={2016},
  publisher={Wiley Online Library}
}

@article{wilf81,
  title={An Algorithm-Inspired Proof of the Spectral Theorem in E n},
  author={Wilf, Herbert S},
  journal={The American Mathematical Monthly},
  volume={88},
  number={1},
  pages={49--50},
  year={1981},
  publisher={JSTOR}
}

@book{parlett80,
  title={The symmetric eigenvalue problem},
  author={Parlett, Beresford N},
  volume={7},
  year={1980},
  publisher={SIAM}
}

@book{saad92,
  title={Numerical methods for large eigenvalue problems},
  author={Saad, Youcef},
  volume={158},
  year={1992},
  publisher={SIAM}
}

@misc{alim15,
  Author = {Ali, M},
  Institution = {Oxford, United Kingdom},
  Howpublished = {Stackoverflow.com response to a question},
  Year = {2015},
  Title = {Delete columns of matrix of CSR format in Python},
  note={\url{http://stackoverflow.com/questions/23966923/delete-columns-of-matrix-of-csr-format-in-python}}
}

@phdthesis{dhillon97,
  title={A New O n2 Algorithm for the Symmetric Tridiagonal Eigenvalue Eigenvector Problem},
  author={Dhillon, Inderjit Singh},
  year={1997},
  school={University of California, Berkeley}
}

@article{dhillon04,
  title={Multiple representations to compute orthogonal eigenvectors of symmetric tridiagonal matrices},
  author={Dhillon, Inderjit S and Parlett, Beresford N},
  journal={Linear Algebra and its Applications},
  volume={387},
  pages={1--28},
  year={2004},
  publisher={Elsevier}
}

@article{dhillon06,
  title={The design and implementation of the MRRR algorithm},
  author={Dhillon, Inderjit S and Parlett, Beresford N and V{\"o}mel, Christof},
  journal={ACM Transactions on Mathematical Software (TOMS)},
  volume={32},
  number={4},
  pages={533--560},
  year={2006},
  publisher={ACM}
}

@book{parlett04,
  title={LAPACK Working Note 163: How the MRRR Algorithm Can Fail on Tight Eigenvalue Clusters},
  author={Parlett, Beresford N and V{\"o}mel, Christof},
  year={2004},
  publisher={Computer Science Division, University of California}
}

@article{superlu05,
  title={An overview of SuperLU: Algorithms, implementation, and user interface},
  author={Li, Xiaoye S},
  journal={ACM Transactions on Mathematical Software (TOMS)},
  volume={31},
  number={3},
  pages={302--325},
  year={2005},
  publisher={ACM}
}

@book{superlu97,
  title={SuperLU user's guide},
  author={Demmel, James W and Gilbert, John R and Li, Xiaoye S},
  year={1997},
  publisher={Citeseer}
}

@article{cholmod08,
  title={Algorithm 887: CHOLMOD, supernodal sparse Cholesky factorization and update/downdate},
  author={Chen, Yanqing and Davis, Timothy A and Hager, William W and Rajamanickam, Sivasankaran},
  journal={ACM Transactions on Mathematical Software (TOMS)},
  volume={35},
  number={3},
  pages={22},
  year={2008},
  publisher={ACM}
}

@article{cholmod08a,
  title={User Guide for CHOLMOD: a sparse Cholesky factorization and modification package},
  author={Davis, Timothy A},
  journal={Department of Computer and Information Science and Engineering, University of Florida, Gainesville, FL, USA},
  year={2008}
}

@book{johansson15,
  title={Numerical Python: A Practical Techniques Approach for Industry},
  author={Johansson, Robert},
  year={2015},
  publisher={Apress}
}

@techreport{pearce05,
  title={An improved algorithm for finding the strongly connected components of a directed graph},
  author={Pearce, David J},
  year={2005},
  institution={Technical report, Victoria University, Wellington, NZ}
}

@misc{jnetlib,
  Author = {Opensource},
  Howpublished = {Github.com},
  Title = {netlib-java: High Performance Linear Algebra (low level)},
  note={\url{https://github.com/fommil/netlib-java}}
}

@inproceedings{trminfiedler,
title={TRACEMIN-fiedler: A parallel algorithm for computing the Fiedler vector},
author={Manguoglu, Murat and Cox, Eric and Saied, Faisal and Sameh, Ahmed},
booktitle={International Conference on High Performance Computing for Computational Science},
pages={449--455},
year={2010},
organization={Springer}
}

@MISC{pyamg,
author = "Bell, W. N. and Olson, L. N. and Schroder, J. B.",
title = "{PyAMG}: Algebraic Multigrid Solvers in {Python} v3.0",
year = "2015",
note={\url{http://www.pyamg.org}},
url = "http://www.pyamg.org",
note = "Release 3.0"
}